<?xml version="1.0" encoding="UTF-8"?><collection xmlns="http://www.loc.gov/MARC21/slim"><record><leader>00645nam--2200193-i-4500</leader><controlfield tag="001">000006978</controlfield><controlfield tag="002">20161230</controlfield><controlfield tag="005">20161230201027</controlfield><controlfield tag="008">060222s1000------------r-----000-0-eng-d</controlfield><datafield ind1=" " ind2=" " tag="040"><subfield code="a">IFIN-HH</subfield></datafield><datafield ind1=" " ind2=" " tag="080"><subfield code="a">539.12.162.8 (061.3)</subfield></datafield><datafield ind1="1" ind2=" " tag="100"><subfield code="a">Kursunoglu, Behram</subfield></datafield><datafield ind1="1" ind2="0" tag="245"><subfield code="a">Coral gables conference on symmetry principles at high energy, january 30-31, 1964 university of miami</subfield><subfield code="c">Behram kursunoglu, arnold perlmutter (eds.)</subfield></datafield><datafield ind1=" " ind2=" " tag="260"><subfield code="a">San Francisco</subfield><subfield code="b">W.H. Freeman And Company</subfield><subfield code="c">1964</subfield></datafield><datafield ind1=" " ind2=" " tag="300"><subfield code="a">171 P</subfield></datafield><datafield ind1=" " ind2=" " tag="490"><subfield code="a">A Series Of Books In Physics</subfield></datafield><datafield ind1="1" ind2=" " tag="700"><subfield code="a">Perlmutter, Arnold</subfield><subfield code="e">Ed</subfield></datafield><datafield ind1=" " ind2=" " tag="852"><subfield code="a">20392</subfield><subfield code="c">539.12</subfield></datafield><datafield ind1=" " ind2=" " tag="CAT"><subfield code="a">Sys</subfield><subfield code="c">20111103</subfield><subfield code="h">142303</subfield></datafield></record></collection>